<?xml version="1.0" encoding="UTF-8"?><collection xmlns="http://www.loc.gov/MARC21/slim"><record><leader>00317nam--2200121-i-4500</leader><controlfield tag="001">000017716</controlfield><controlfield tag="002">20161230</controlfield><controlfield tag="005">20161230201032</controlfield><controlfield tag="008">060222s1000------------r-----000-0-eng-d</controlfield><datafield ind1=" " ind2=" " tag="100"><subfield code="a">Anderson, A</subfield></datafield><datafield ind1=" " ind2=" " tag="245"><subfield code="a">The raman effect. in two volumes. principles</subfield></datafield><datafield ind1=" " ind2=" " tag="260"><subfield code="a">New York, Marcel Dekker, 1971 Ix + 404 P</subfield></datafield><datafield ind1=" " ind2=" " tag="852"><subfield code="a">36629</subfield></datafield></record></collection>